@InProceedings{McKinna_2006,
  author       = {McKinna, James},
  title        = {Why Dependent Types Matter},
  year         = 2006,
  doi          = {10.1145/1111037.1111038},
  url          = {http://dx.doi.org/10.1145/1111037.1111038},
  isbn         = {http://id.crossref.org/isbn/1595930272},
  journal      = {Conference record of the 33rd ACM SIGPLAN-SIGACT symposium on
                  Principles of programming languages - POPL’06},
  publisher    = {Association for Computing Machinery (ACM)}
}

@misc{compcert,
	title = {{CompCert} - {Main} page},
	url = {http://compcert.inria.fr/},
	urldate = {2017-03-20},
}

@article{gonthier_formal_2008,
	title = {Formal Proof–The Four-Color Theorem},
	volume = {55},
	url = {http://www.ams.org/journals/notices/200811/tx081101382p.pdf},
	number = {11},
	urldate = {2017-03-20},
	journal = {Notices of the AMS},
	author = {Gonthier, Georges},
	year = {2008},
	pages = {1382--1393},
}
